[gd_scene load_steps=6 format=2]

[ext_resource path="res://components/_root-scenes/menu.gd" type="Script" id=1]
[ext_resource path="res://assets/fonts/Quantico-Bold.ttf" type="DynamicFontData" id=2]
[ext_resource path="res://assets/theme.tres" type="Theme" id=3]
[ext_resource path="res://components/_root-scenes/title.png" type="Texture" id=4]

[sub_resource type="DynamicFont" id=1]
size = 128
font_data = ExtResource( 2 )

[node name="Menu" type="Control"]
anchor_right = 1.0
anchor_bottom = 1.0
script = ExtResource( 1 )

[node name="TextureRect" type="TextureRect" parent="."]
anchor_right = 1.0
anchor_bottom = 1.0
texture = ExtResource( 4 )
stretch_mode = 4

[node name="Title" type="Label" parent="."]
anchor_right = 1.0
margin_bottom = 184.0
theme = ExtResource( 3 )
custom_colors/font_color = Color( 1, 1, 1, 1 )
custom_fonts/font = SubResource( 1 )
text = "On Track to Party!"
align = 1
valign = 1

[node name="Main" type="Control" parent="."]
anchor_top = 0.5
anchor_right = 1.0
anchor_bottom = 0.5

[node name="StartButton" type="Button" parent="Main"]
anchor_left = 0.5
anchor_right = 0.5
anchor_bottom = 1.0
margin_left = 50.0
margin_top = 120.0
margin_right = 450.0
margin_bottom = -428.0
theme = ExtResource( 3 )
text = "Start"

[node name="OptionsButton" type="Button" parent="Main"]
anchor_left = 0.5
anchor_right = 0.5
anchor_bottom = 1.0
margin_left = -450.0
margin_top = 120.0
margin_right = -50.0
margin_bottom = -428.0
theme = ExtResource( 3 )
text = "Options"

[node name="Options" type="Control" parent="."]
visible = false
anchor_top = 0.4
anchor_right = 1.0
anchor_bottom = 1.0

[node name="VolumeContainer" type="HBoxContainer" parent="Options"]
anchor_left = 0.5
anchor_right = 0.5
anchor_bottom = 1.0
margin_left = 40.0
margin_top = 120.0
margin_right = 640.0
margin_bottom = -428.0

[node name="Label" type="Label" parent="Options/VolumeContainer"]
margin_top = 16.0
margin_right = 256.0
margin_bottom = 84.0
rect_min_size = Vector2( 100, 0 )
theme = ExtResource( 3 )
text = "Volume: "
align = 2

[node name="HSlider" type="HSlider" parent="Options/VolumeContainer"]
margin_left = 260.0
margin_top = 42.0
margin_right = 496.0
margin_bottom = 58.0
size_flags_horizontal = 3
size_flags_vertical = 4
theme = ExtResource( 3 )
value = 80.0

[node name="Volume" type="Label" parent="Options/VolumeContainer"]
margin_left = 500.0
margin_top = 16.0
margin_right = 600.0
margin_bottom = 84.0
rect_min_size = Vector2( 100, 0 )
theme = ExtResource( 3 )
text = "80"
align = 2

[node name="CheckBox" type="CheckBox" parent="Options"]
anchor_left = 0.5
anchor_right = 0.5
anchor_bottom = 1.0
margin_left = -200.0
margin_top = 120.0
margin_bottom = -428.0
theme = ExtResource( 3 )
pressed = true
text = "Blur"

[node name="BackButton" type="Button" parent="Options"]
anchor_left = 0.5
anchor_right = 0.5
anchor_bottom = 1.0
margin_left = -700.0
margin_top = 120.0
margin_right = -300.0
margin_bottom = -428.0
theme = ExtResource( 3 )
text = "Back"
