[gd_scene load_steps=7 format=2]

[ext_resource path="res://assets/icons/enough.png" type="Texture" id=1]
[ext_resource path="res://components/carriages/cargo1/cargo1.tscn" type="PackedScene" id=2]
[ext_resource path="res://components/hud/station/ressource_small.tscn" type="PackedScene" id=3]
[ext_resource path="res://assets/theme.tres" type="Theme" id=4]
[ext_resource path="res://components/hud/station/upgrade_entry.gd" type="Script" id=5]

[sub_resource type="ViewportTexture" id=1]
viewport_path = NodePath("Viewport")

[node name="UpgradeEntry" type="VBoxContainer"]
margin_right = 324.0
margin_bottom = 305.0
rect_pivot_offset = Vector2( -541, -126 )
theme = ExtResource( 4 )
custom_constants/separation = 8
script = ExtResource( 5 )

[node name="Viewport" type="Viewport" parent="."]
size = Vector2( 128, 64 )
transparent_bg = true
render_target_v_flip = true

[node name="Camera" type="Camera" parent="Viewport"]
transform = Transform( 1, 0, 0, 0, 0.5, 0.866025, 0, -0.866025, 0.5, 0.103592, 10.7456, 5.0024 )
fov = 22.3

[node name="CarriageAnchor" type="Spatial" parent="Viewport"]
unique_name_in_owner = true

[node name="cargo1_nowheels" parent="Viewport/CarriageAnchor" instance=ExtResource( 2 )]

[node name="HBoxContainer" type="HBoxContainer" parent="."]
visible = false
margin_right = 324.0
margin_bottom = 51.0
alignment = 1

[node name="TextureRect" type="TextureRect" parent="HBoxContainer"]
margin_left = 111.0
margin_right = 213.0
margin_bottom = 51.0
rect_min_size = Vector2( 102, 51 )
texture = SubResource( 1 )
expand = true

[node name="TitleLabel" type="Label" parent="."]
unique_name_in_owner = true
margin_right = 350.0
margin_bottom = 38.0
rect_min_size = Vector2( 350, 0 )
custom_colors/font_color = Color( 0.258824, 0.258824, 0.258824, 1 )
text = "Luxurious Carriage"
align = 1

[node name="HBoxContainer3" type="HBoxContainer" parent="."]
margin_top = 46.0
margin_right = 350.0
margin_bottom = 84.0
size_flags_horizontal = 3

[node name="TierLabel" type="Label" parent="HBoxContainer3"]
unique_name_in_owner = true
margin_right = 90.0
margin_bottom = 38.0
custom_colors/font_color = Color( 0.258824, 0.258824, 0.258824, 1 )
text = "Mk. 2"

[node name="Spacer" type="Control" parent="HBoxContainer3"]
margin_left = 106.0
margin_right = 214.0
margin_bottom = 38.0
size_flags_horizontal = 3

[node name="TextureRect" type="TextureRect" parent="HBoxContainer3"]
margin_left = 230.0
margin_right = 262.0
margin_bottom = 38.0
rect_min_size = Vector2( 32, 32 )
texture = ExtResource( 1 )
expand = true
stretch_mode = 6

[node name="CapacityLabel" type="Label" parent="HBoxContainer3"]
unique_name_in_owner = true
margin_left = 278.0
margin_right = 350.0
margin_bottom = 38.0
custom_colors/font_color = Color( 0.258824, 0.258824, 0.258824, 1 )
text = "100t"

[node name="TierLabel2" type="Label" parent="."]
margin_top = 92.0
margin_right = 350.0
margin_bottom = 130.0
custom_colors/font_color = Color( 0.258824, 0.258824, 0.258824, 1 )
text = "Costs:"

[node name="CostsContainer" type="VBoxContainer" parent="."]
unique_name_in_owner = true
margin_top = 138.0
margin_right = 350.0
margin_bottom = 214.0
custom_constants/separation = 0

[node name="Ressource" parent="CostsContainer" instance=ExtResource( 3 )]
margin_right = 350.0
margin_bottom = 38.0

[node name="Ressource2" parent="CostsContainer" instance=ExtResource( 3 )]
margin_top = 38.0
margin_right = 350.0
margin_bottom = 76.0

[node name="MarginContainer" type="MarginContainer" parent="."]
margin_top = 222.0
margin_right = 350.0
margin_bottom = 260.0
custom_constants/margin_right = 0
custom_constants/margin_top = 0
custom_constants/margin_left = 48
custom_constants/margin_bottom = 0

[node name="MoneyCostLabel" type="Label" parent="MarginContainer"]
unique_name_in_owner = true
margin_left = 48.0
margin_right = 350.0
margin_bottom = 38.0
custom_colors/font_color = Color( 0.258824, 0.258824, 0.258824, 1 )
text = "1000Y"

[node name="UpgradeButton" type="Button" parent="."]
unique_name_in_owner = true
margin_top = 268.0
margin_right = 350.0
margin_bottom = 393.0
mouse_default_cursor_shape = 2
size_flags_horizontal = 3
size_flags_vertical = 0
text = "Upgrade!"
